<record><leader>00000cas a2200000 a 4500</leader><controlfield tag="001">30848748</controlfield><controlfield tag="008">940729d19uu1989iluwr ne      0   a0eng c</controlfield><datafield ind1=" " ind2=" " tag="010"><subfield code="a">sn 94054480 </subfield></datafield><datafield ind1=" " ind2=" " tag="040"><subfield code="a">NVF</subfield><subfield code="b">eng</subfield><subfield code="c">NVF</subfield><subfield code="d">OCLCQ</subfield><subfield code="d">NVF</subfield><subfield code="d">OCLCQ</subfield><subfield code="d">NVF</subfield><subfield code="d">OCLCF</subfield><subfield code="d">OCLCO</subfield></datafield><datafield ind1="1" ind2=" " tag="029"><subfield code="a">AU@</subfield><subfield code="b">000025881962</subfield></datafield><datafield ind1=" " ind2=" " tag="042"><subfield code="a">pcc</subfield></datafield><datafield ind1=" " ind2=" " tag="043"><subfield code="a">n-us-il</subfield></datafield><datafield ind1="0" ind2="0" tag="245"><subfield code="a">Clarendon Hills DuPage progress.</subfield></datafield><datafield ind1="3" ind2=" " tag="246"><subfield code="a">Clarendon Hills Du Page progress</subfield></datafield><datafield ind1=" " ind2=" " tag="260"><subfield code="a">Clarendon Hills, IL :</subfield><subfield code="b">Reporter/Progress Newspapers</subfield></datafield><datafield ind1=" " ind2=" " tag="300"><subfield code="a">v.</subfield></datafield><datafield ind1=" " ind2=" " tag="310"><subfield code="a">Weekly</subfield></datafield><datafield ind1="0" ind2=" " tag="362"><subfield code="a">-29th year, no. 27 (Sept. 7, 1989).</subfield></datafield><datafield ind1=" " ind2=" " tag="588"><subfield code="a">Description based on: 28th year, no. 25 (Aug. 25, 1988).</subfield></datafield><datafield ind1=" " ind2="0" tag="651"><subfield code="a">Clarendon Hills (Ill.)</subfield><subfield code="v">Newspapers.</subfield></datafield><datafield ind1=" " ind2="0" tag="651"><subfield code="a">DuPage County (Ill.)</subfield><subfield code="v">Newspapers.</subfield></datafield><datafield ind1=" " ind2="7" tag="655"><subfield code="a">Newspapers.</subfield><subfield code="2">fast</subfield><subfield code="0">(OCoLC)fst01423814</subfield></datafield><datafield ind1=" " ind2="7" tag="651"><subfield code="a">Illinois</subfield><subfield code="z">Clarendon Hills.</subfield><subfield code="2">fast</subfield><subfield code="0">(OCoLC)fst01232868</subfield></datafield><datafield ind1=" " ind2="7" tag="651"><subfield code="a">Illinois</subfield><subfield code="z">DuPage County.</subfield><subfield code="2">fast</subfield><subfield code="0">(OCoLC)fst01278422</subfield></datafield><datafield ind1=" " ind2=" " tag="752"><subfield code="a">United States</subfield><subfield code="b">Illinois</subfield><subfield code="c">DuPage</subfield><subfield code="d">Clarendon Hills.</subfield></datafield><datafield ind1="0" ind2="0" tag="785"><subfield code="t">Clarendon Hills progress</subfield><subfield code="w">(DLC)sn 94054481</subfield><subfield code="w">(OCoLC)30848764</subfield></datafield></record>